%% LaTeX2e file `astrsaints.bib'
%% generated by the `filecontents' environment
%% from source `test' on 2018/05/13.
%%
@Book{marian,
    ids        = {aaa},
    title      = {aaaaa},
    location   = {aa},
    publisher  = {aaaaa},
    year       = {2010},
    totalpage = {532},
    editor = {asdasd},
    editortype = {compiler},
    langid     = {russian},
    language   = {russian},
    keywords   = {commons},
}
