%% LaTeX2e file `refs.bib'
%% generated by the `filecontents' environment
%% from source `test' on 2018/05/13.
%%
@book{doe13,
    address    = {City},
    title      = {A nice title},
    shorttitle = {Short title},
    publisher  = {Publisher},
    author     = {Doe, John},
    year       = {2013}
}
